<?xml version="1.0" encoding="UTF-8"?><collection xmlns="http://www.loc.gov/MARC21/slim"><record><leader>00410nam--2200133-i-4500</leader><controlfield tag="001">000041098</controlfield><controlfield tag="002">20161230</controlfield><controlfield tag="005">20161230201043</controlfield><controlfield tag="008">060222s1000------------r-----000-0-eng-d</controlfield><datafield ind1=" " ind2=" " tag="080"><subfield code="a">681.3.01(061,3)</subfield></datafield><datafield ind1=" " ind2=" " tag="245"><subfield code="a">Second euromicro symposium on microprocessing and microprogrammind, oct.12-14, 1976, venice</subfield></datafield><datafield ind1=" " ind2=" " tag="260"><subfield code="a">Amsterdam, North-holand Publ.Co., 1978, Xix+334p</subfield></datafield><datafield ind1=" " ind2=" " tag="700"><subfield code="a">Wilmink, Jan/S.A.</subfield></datafield><datafield ind1=" " ind2=" " tag="852"><subfield code="a">47061</subfield></datafield></record></collection>